<record xmlns="http://www.loc.gov/MARC21/slim" xmlns:xsi="http://www.w3.org/2001/XMLSchema-instance" xsi:schemaLocation="http://www.loc.gov/MARC21/slim http://www.loc.gov/standards/marcxml/schema/MARC21slim.xsd"><leader>     nam a22        4500</leader><controlfield tag="001">3071204</controlfield><controlfield tag="003">NNC</controlfield><controlfield tag="006">m        d        </controlfield><controlfield tag="007">cr cn |||m|||a</controlfield><controlfield tag="008">150316s1936    ua      o     000 0 arard</controlfield><datafield ind1=" " ind2=" " tag="040"><subfield code="a">NNU</subfield><subfield code="b">eng</subfield><subfield code="e">rda</subfield><subfield code="c">NNU</subfield></datafield><datafield ind1=" " ind2=" " tag="043"><subfield code="a">e-sp---</subfield></datafield><datafield ind1=" " ind2="4" tag="050"><subfield code="a">PJ8401</subfield><subfield code="b">.I7 1936</subfield></datafield><datafield ind1=" " ind2="4" tag="082"><subfield code="a">892.70946</subfield><subfield code="b">I25, A191, 1936</subfield></datafield><datafield ind1="1" ind2=" " tag="100"><subfield code="6">880-01</subfield><subfield code="a">&#699;I&#772;hsa&#772;, &#699;Abd al-&#699;Azi&#772;z Muh&#803;ammad.</subfield></datafield><datafield ind1="1" ind2="3" tag="245"><subfield code="6">880-02</subfield><subfield code="a">al-Adab al-&#699;Arabi&#772; fi&#772; al-Andalus /</subfield><subfield code="c">&#699;Abd al-&#699;Azi&#772;z Muh&#803;ammad &#699;I&#772;hsa&#772;.</subfield></datafield><datafield ind1=" " ind2=" " tag="260"><subfield code="6">880-03</subfield><subfield code="a">al-Qa&#772;hirah :</subfield><subfield code="b">Mat&#803;ba&#699;at al-Istiqa&#772;mah,</subfield><subfield code="c">[1936]</subfield></datafield><datafield ind1=" " ind2=" " tag="300"><subfield code="a">online resource (231 pages)</subfield></datafield><datafield ind1=" " ind2=" " tag="336"><subfield code="a">text</subfield><subfield code="2">rdacontent</subfield></datafield><datafield ind1=" " ind2=" " tag="337"><subfield code="a">computer</subfield><subfield code="2">rdamedia</subfield></datafield><datafield ind1=" " ind2=" " tag="338"><subfield code="a">online resource</subfield><subfield code="2">rdacarrier</subfield></datafield><datafield ind1=" " ind2=" " tag="500"><subfield code="a">Part of the Arabic Collections Online (ACO) project, contributed by Columbia University Libraries.</subfield></datafield><datafield ind1=" " ind2=" " tag="533"><subfield code="a">Electronic reproduction.</subfield><subfield code="b">New York, N.Y. :</subfield><subfield code="c">New York University,</subfield><subfield code="d">2015.</subfield><subfield code="5">NNU</subfield></datafield><datafield ind1=" " ind2="0" tag="650"><subfield code="a">Arabic literature</subfield><subfield code="z">Spain</subfield><subfield code="x">History and criticism.</subfield></datafield><datafield ind1=" " ind2="7" tag="650"><subfield code="a">Arabic literature.</subfield><subfield code="2">fast</subfield><subfield code="0">(OCoLC)fst00812478</subfield></datafield><datafield ind1=" " ind2="7" tag="651"><subfield code="a">Spain.</subfield><subfield code="2">fast</subfield><subfield code="0">(OCoLC)fst01204303</subfield></datafield><datafield ind1=" " ind2="7" tag="655"><subfield code="a">Criticism, interpretation, etc.</subfield><subfield code="2">fast</subfield><subfield code="0">(OCoLC)fst01411635</subfield></datafield><datafield ind1="2" ind2=" " tag="710"><subfield code="a">Columbia University.</subfield><subfield code="b">Libraries.</subfield></datafield><datafield ind1="0" ind2=" " tag="730"><subfield code="a">Arabic Collections Online.</subfield></datafield><datafield ind1="0" ind2="8" tag="776"><subfield code="i">Print version:</subfield><subfield code="a">&#699;I&#772;hsa&#772;, &#699;Abd al-&#699;Azi&#772;z Muh&#803;ammad.</subfield><subfield code="t">al-Adab al-&#699;Arabi&#772; fi&#772; al-Andalus</subfield><subfield code="w">(NNC)3071204</subfield><subfield code="w">(OCoLC)30415763</subfield></datafield><datafield ind1="4" ind2="0" tag="856"><subfield code="u">http://hdl.handle.net/2333.1/xksn057t</subfield></datafield><datafield ind1="1" ind2=" " tag="880"><subfield code="6">100-01/r</subfield><subfield code="a">&#8207;&#1593;&#1610;&#1587;&#1609;&#1548; &#1593;&#1576;&#1583; &#1575;&#1604;&#1593;&#1586;&#1610;&#1586; &#1605;&#1581;&#1605;&#1583;.</subfield></datafield><datafield ind1="1" ind2="2" tag="880"><subfield code="6">245-02/r</subfield><subfield code="a">&#8207;&#1575;&#1604;&#1571;&#1583;&#1576; &#1575;&#1604;&#1593;&#1585;&#1576;&#1610; &#1601;&#1610; &#1575;&#1604;&#1571;&#1606;&#1583;&#1604;&#1587; /&#8207;</subfield><subfield code="c">&#8207;&#1593;&#1576;&#1583; &#1575;&#1604;&#1593;&#1586;&#1610;&#1586; &#1605;&#1581;&#1605;&#1583; &#1593;&#1610;&#1587;&#1609;.</subfield></datafield><datafield ind1=" " ind2=" " tag="880"><subfield code="6">260-03/r</subfield><subfield code="a">&#8207;&#1575;&#1604;&#1602;&#1575;&#1607;&#1585;&#1577; :&#8207;</subfield><subfield code="b">&#8207;&#1605;&#1591;&#1576;&#1593;&#1577; &#1575;&#1604;&#1573;&#1587;&#1578;&#1602;&#1575;&#1605;&#1577;&#1548;&#8207;</subfield><subfield code="c">&#8207;[1936]</subfield></datafield><datafield ind1=" " ind2=" " tag="959"><subfield code="a">NNU</subfield><subfield code="b">WEB</subfield><subfield code="c">GENI</subfield><subfield code="t">0</subfield><subfield code="m">Electronic access</subfield><subfield code="s">01</subfield></datafield><datafield ind1=" " ind2=" " tag="999"><subfield code="i">NNC_3071204</subfield><subfield code="o">(OCoLC)ocm30415763</subfield><subfield code="e">(ERROR-880)</subfield><subfield code="s">columbia_aco000264</subfield></datafield></record>